@INPROCEEDINGS{Li2020,  author={M. {Li} and Y. {Han} and X. {Li} and C. {Wen} and S. {Jin}},  booktitle={2020 IEEE Wireless Communications and Networking Conference (WCNC)},   title={Deep Learning Based Fast Downlink Channel Reconstruction For FDD Massive MIMO Systems},   year={2020},  volume={},  number={},  pages={1-6},  doi={10.1109/WCNC45663.2020.9120709}}
@book{Dahlman2018,
  title     = "5G NR: The Next Generation Wireless Access Technology",
  author    = {E. {Dahlman} and S. {Parkval} and J. {Skold}},
  year      = 2018,
  publisher = "Academic Press"
}
@book{Asif2019,
  title     = "5G Mobile Communications - Concepts and Technologies",
  author    = {S. {Asif}},
  year      = 2019,
  publisher = "Taylor & Francis Group LLC - CRC Press"
}
@ARTICLE{Mawatwal2020,  author={K. {Mawatwal} and D. {Sen} and R. {Roy}},  journal={IEEE Access},   title={Performance Analysis of a SAGE-Based Semi-Blind Channel Estimator for Pilot Contaminated MU Massive MIMO Systems},   year={2020},  volume={8},  number={},  pages={46682-46700},  doi={10.1109/ACCESS.2020.2976553}}
@ARTICLE{Han2019,  author={Y. {Han} and T. {Hsu} and C. {Wen} and K. {Wong} and S. {Jin}},  journal={IEEE Transactions on Wireless Communications},   title={Efficient Downlink Channel Reconstruction for FDD Multi-Antenna Systems},   year={2019},  volume={18},  number={6},  pages={3161-3176},  doi={10.1109/TWC.2019.2911497}}
@ARTICLE{Yin2016,  author={X. {Yin} and L. {Ouyang} and H. {Wang}},  journal={IEEE Access},   title={Performance Comparison of SAGE and MUSIC for Channel Estimation in Direction-Scan Measurements},   year={2016},  volume={4},  number={},  pages={1163-1174},  doi={10.1109/ACCESS.2016.2544341}}
@INPROCEEDINGS{Liu2016,  author={A. {Liu} and V. {Lau} and W. {Dai}},  booktitle={2016 IEEE International Conference on Communications (ICC)},   title={Joint burst LASSO for sparse channel estimation in multi-user massive MIMO},   year={2016},  volume={},  number={},  pages={1-6},  doi={10.1109/ICC.2016.7511075}}
 @misc{matlab, title={5G Toolbox}, url={https://www.mathworks.com/products/5g.html}, journal={MATLAB}, publisher={MathWorks}} 